<?xml version="1.0" encoding="UTF-8"?>
<record>
  <leader>03137cas a2200685 c 4500</leader>
  <controlfield tag="005">20220531213022.0</controlfield>
  <controlfield tag="007">tu</controlfield>
  <controlfield tag="008">991119d19492018gw mr p       0    1ger d</controlfield>
  <controlfield tag="001">991005935279706485</controlfield>
  <datafield tag="016" ind1="7" ind2=" ">
    <subfield code="2">DE-101</subfield>
    <subfield code="a">011156414</subfield>
  </datafield>
  <datafield tag="016" ind1="7" ind2=" ">
    <subfield code="2">DE-600</subfield>
    <subfield code="a">202777-X</subfield>
  </datafield>
  <datafield tag="019" ind1=" " ind2=" ">
    <subfield code="a">1301276995</subfield>
  </datafield>
  <datafield tag="022" ind1=" " ind2=" ">
    <subfield code="a">0174-6170</subfield>
  </datafield>
  <datafield tag="022" ind1=" " ind2=" ">
    <subfield code="a">0174-6170</subfield>
    <subfield code="2">6</subfield>
  </datafield>
  <datafield tag="029" ind1="0" ind2=" ">
    <subfield code="a">GEBAY</subfield>
    <subfield code="b">1304670</subfield>
  </datafield>
  <datafield tag="029" ind1="1" ind2=" ">
    <subfield code="a">DEBBG</subfield>
    <subfield code="b">BV002542103</subfield>
  </datafield>
  <datafield tag="029" ind1="1" ind2=" ">
    <subfield code="a">GWDNB</subfield>
    <subfield code="b">011156414</subfield>
  </datafield>
  <datafield tag="035" ind1=" " ind2=" ">
    <subfield code="a">(DE-836)643524510-49hbz_fhm</subfield>
  </datafield>
  <datafield tag="035" ind1=" " ind2=" ">
    <subfield code="a">(OCoLC)643524510</subfield>
    <subfield code="z">(OCoLC)1301276995</subfield>
  </datafield>
  <datafield tag="040" ind1=" " ind2=" ">
    <subfield code="a">GWDNB</subfield>
    <subfield code="b">ger</subfield>
    <subfield code="c">GWDNB</subfield>
    <subfield code="d">GWDNB</subfield>
    <subfield code="d">DEBBG</subfield>
    <subfield code="d">DEFHM</subfield>
    <subfield code="d">GEBAY</subfield>
    <subfield code="d">OCLCO</subfield>
    <subfield code="d">OCLCQ</subfield>
  </datafield>
  <datafield tag="049" ind1=" " ind2=" ">
    <subfield code="a">MAIN</subfield>
  </datafield>
  <datafield tag="082" ind1="0" ind2="4">
    <subfield code="a">370</subfield>
    <subfield code="a">330</subfield>
    <subfield code="q">DE-101</subfield>
  </datafield>
  <datafield tag="083" ind1="7" ind2=" ">
    <subfield code="a">370</subfield>
    <subfield code="a">330</subfield>
    <subfield code="q">DE-600</subfield>
    <subfield code="2">22sdnb</subfield>
  </datafield>
  <datafield tag="084" ind1=" " ind2=" ">
    <subfield code="a">650</subfield>
    <subfield code="a">120</subfield>
    <subfield code="2">rpb</subfield>
  </datafield>
  <datafield tag="084" ind1=" " ind2=" ">
    <subfield code="a">ZS 222</subfield>
    <subfield code="2">rvk</subfield>
  </datafield>
  <datafield tag="084" ind1=" " ind2=" ">
    <subfield code="a">ZS 0001</subfield>
    <subfield code="2">rvk</subfield>
  </datafield>
  <datafield tag="084" ind1=" " ind2=" ">
    <subfield code="a">22</subfield>
    <subfield code="a">17</subfield>
    <subfield code="a">370</subfield>
    <subfield code="2">sdnb</subfield>
  </datafield>
  <datafield tag="084" ind1=" " ind2=" ">
    <subfield code="a">330</subfield>
    <subfield code="2">sdnb</subfield>
  </datafield>
  <datafield tag="084" ind1=" " ind2=" ">
    <subfield code="a">3,2</subfield>
    <subfield code="a">5,3</subfield>
    <subfield code="2">ssgn</subfield>
  </datafield>
  <datafield tag="084" ind1=" " ind2=" ">
    <subfield code="a">280</subfield>
    <subfield code="2">zdbs</subfield>
  </datafield>
  <datafield tag="084" ind1=" " ind2=" ">
    <subfield code="a">370</subfield>
    <subfield code="a">330</subfield>
    <subfield code="2">zdbs</subfield>
  </datafield>
  <datafield tag="084" ind1=" " ind2=" ">
    <subfield code="a">630</subfield>
    <subfield code="2">zdbs</subfield>
  </datafield>
  <datafield tag="222" ind1=" " ind2="0">
    <subfield code="a">Wirtschaft und Erziehung</subfield>
  </datafield>
  <datafield tag="245" ind1="0" ind2="0">
    <subfield code="a">Wirtschaft &amp; Erziehung</subfield>
    <subfield code="c">Bundesverband der Lehrerinnen und Lehrer an Wirtschaftsschulen e.V.</subfield>
  </datafield>
  <datafield tag="246" ind1="3" ind2=" ">
    <subfield code="a">Wirtschaft und Erziehung</subfield>
  </datafield>
  <datafield tag="246" ind1="1" ind2=" ">
    <subfield code="i">Titelzusatz anfangs:</subfield>
    <subfield code="a">Organ für kaufmännisches Bildungswesen</subfield>
  </datafield>
  <datafield tag="246" ind1="1" ind2=" ">
    <subfield code="i">Titelzusatz bis 52.2000:</subfield>
    <subfield code="a">Monatsschrift des Bundesverbandes der Lehrerinnen und Lehrer an Wirtschaftsschulen (VLW) e.V.</subfield>
  </datafield>
  <datafield tag="247" ind1="0" ind2="0">
    <subfield code="a">Wirtschaft und Erziehung</subfield>
    <subfield code="f">Hauptsacht. bis 64.2012,6</subfield>
  </datafield>
  <datafield tag="264" ind1="3" ind2="1">
    <subfield code="a">Wolfenbüttel</subfield>
    <subfield code="b">Heckner</subfield>
    <subfield code="c">1949-2018</subfield>
  </datafield>
  <datafield tag="336" ind1=" " ind2=" ">
    <subfield code="a">Text</subfield>
    <subfield code="b">txt</subfield>
    <subfield code="2">rdacontent/ger</subfield>
  </datafield>
  <datafield tag="337" ind1=" " ind2=" ">
    <subfield code="a">ohne Hilfsmittel zu benutzen</subfield>
    <subfield code="b">n</subfield>
    <subfield code="2">rdamedia/ger</subfield>
  </datafield>
  <datafield tag="338" ind1=" " ind2=" ">
    <subfield code="a">Band</subfield>
    <subfield code="b">nc</subfield>
    <subfield code="2">rdacarrier/ger</subfield>
  </datafield>
  <datafield tag="362" ind1="0" ind2=" ">
    <subfield code="a">1.1949-70. Jahrgang, Ausgabe 2 (2018)</subfield>
  </datafield>
  <datafield tag="363" ind1="0" ind2="0">
    <subfield code="8">1.1\x</subfield>
    <subfield code="a">1</subfield>
    <subfield code="i">1949</subfield>
  </datafield>
  <datafield tag="363" ind1="1" ind2="0">
    <subfield code="8">1.2\x</subfield>
    <subfield code="a">70</subfield>
    <subfield code="b">2</subfield>
    <subfield code="i">2018</subfield>
  </datafield>
  <datafield tag="515" ind1=" " ind2=" ">
    <subfield code="a">48.1996 auf dem Jg.-Titelbl. fälschlich als Jg. 47 gez.; 64.2012,12 nicht ersch.; 65.2013,9-12 nicht ersch.; ersch. ab 66.2014 8x jährl.</subfield>
  </datafield>
  <datafield tag="550" ind1=" " ind2=" ">
    <subfield code="a">Urh. 1949 - 1973: Verband Deutscher Diplom-Handelslehrer; teils: Bundesverband der Lehrer an Wirtschaftsschulen</subfield>
  </datafield>
  <datafield tag="590" ind1=" " ind2=" ">
    <subfield code="a">Subsequent record output</subfield>
    <subfield code="b">WorldCat Holdings</subfield>
    <subfield code="9">LOCAL</subfield>
  </datafield>
  <datafield tag="590" ind1=" " ind2=" ">
    <subfield code="a">Subsequent record output</subfield>
    <subfield code="b">IntroxK2</subfield>
    <subfield code="9">LOCAL</subfield>
  </datafield>
  <datafield tag="650" ind1=" " ind2="7">
    <subfield code="a">Berufsausbildung</subfield>
    <subfield code="2">gnd</subfield>
  </datafield>
  <datafield tag="650" ind1=" " ind2="7">
    <subfield code="a">Zeitschrift</subfield>
    <subfield code="2">gnd</subfield>
  </datafield>
  <datafield tag="655" ind1=" " ind2="7">
    <subfield code="0">(DE-588)4067488-5</subfield>
    <subfield code="a">Zeitschrift</subfield>
    <subfield code="2">gnd-content</subfield>
  </datafield>
  <datafield tag="710" ind1="2" ind2=" ">
    <subfield code="a">Bundesverband der Lehrerinnen und Lehrer an Wirtschaftsschulen</subfield>
    <subfield code="e">Herausgebendes Organ</subfield>
    <subfield code="4">isb</subfield>
  </datafield>
  <datafield tag="710" ind1="2" ind2=" ">
    <subfield code="a">Bundesverband der Lehrer an Wirtschaftsschulen</subfield>
    <subfield code="e">Herausgebendes Organ</subfield>
    <subfield code="4">isb</subfield>
  </datafield>
  <datafield tag="710" ind1="2" ind2=" ">
    <subfield code="a">Verband Deutscher Diplom-Handelslehrer</subfield>
    <subfield code="e">Herausgebendes Organ</subfield>
    <subfield code="4">isb</subfield>
  </datafield>
  <datafield tag="770" ind1="0" ind2="8">
    <subfield code="i">Beil.:</subfield>
    <subfield code="t">Informationen zur politischen Bildung.</subfield>
    <subfield code="d">Bonn : Bundeszentrale für Politische Bildung, 1952-</subfield>
    <subfield code="x">0046-9408</subfield>
    <subfield code="w">(DE-600)500774-4</subfield>
    <subfield code="w">(DE-101)012610909</subfield>
  </datafield>
  <datafield tag="770" ind1="0" ind2="8">
    <subfield code="i">Beil.:</subfield>
    <subfield code="t">Kleiner Wirtschaftsspiegel.</subfield>
    <subfield code="d">Stuttgart : Dt. Sparkassenverl., 1960-1984</subfield>
    <subfield code="w">(DE-600)507495-2</subfield>
    <subfield code="w">(DE-101)01266894X</subfield>
  </datafield>
  <datafield tag="776" ind1="0" ind2="8">
    <subfield code="i">Online-Ausg.</subfield>
    <subfield code="t">Wirtschaft und Erziehung.</subfield>
    <subfield code="d">Wolfenbüttel : Heckner, 2012-</subfield>
    <subfield code="h">Online-Ressource</subfield>
    <subfield code="x">0174-6170</subfield>
    <subfield code="w">(DE-600)2722409-0</subfield>
    <subfield code="w">(DE-101)1036604047</subfield>
  </datafield>
  <datafield tag="785" ind1="0" ind2="7">
    <subfield code="i">Vereinigt, um ... zu bilden</subfield>
    <subfield code="t">Bildung und Beruf.</subfield>
    <subfield code="d">Berlin : DBB Verlag GmbH, 12.4.2018-</subfield>
    <subfield code="h">Bände</subfield>
    <subfield code="x">2511-1353</subfield>
    <subfield code="w">(DE-600)2927504-0</subfield>
    <subfield code="w">(DE-101)1156538300</subfield>
  </datafield>
  <datafield tag="935" ind1=" " ind2=" ">
    <subfield code="a">(OCoLC)ocn643524510</subfield>
    <subfield code="9">ExL</subfield>
    <subfield code="9">LOCAL</subfield>
  </datafield>
  <datafield tag="994" ind1=" " ind2=" ">
    <subfield code="a">92</subfield>
    <subfield code="b">DEFHM</subfield>
  </datafield>
  <datafield tag="MBD" ind1=" " ind2=" ">
    <subfield code="M">49HBZ_FHM</subfield>
    <subfield code="i">991005935279706485</subfield>
    <subfield code="n">FH / KA Münster</subfield>
  </datafield>
  <datafield tag="MNG" ind1=" " ind2=" ">
    <subfield code="f">ILS</subfield>
    <subfield code="i">marc21</subfield>
    <subfield code="k">01</subfield>
    <subfield code="e">false</subfield>
    <subfield code="g">643524510-49hbz_fhm</subfield>
    <subfield code="j">00</subfield>
    <subfield code="a">import</subfield>
    <subfield code="b">2022-07-06 07:12:29 Europe/Berlin</subfield>
  </datafield>
</record>
